%% This BibTeX bibliography file was created using BibDesk.
%% http://bibdesk.sourceforge.net/


%% Created for Jorryt Dijkstra at 2014-05-20 15:45:15 +0200 


%% Saved with string encoding Unicode (UTF-8) 



@webpage{mozillavarspecs,
	Date-Added = {2014-05-20 13:45:14 +0000},
	Date-Modified = {2014-05-20 13:45:14 +0000},
	Description = {Declares a variable, optionally initializing it to a value.},
	Lastchecked = {20 May 2014},
	Month = {May},
	Robots = {index, follow},
	Twitter:Card = {summary},
	Twitter:Creator = {@NewOnMDN},
	Twitter:Description = {Declares a variable, optionally initializing it to a value.},
	Twitter:Image = {https://developer.mozilla.org/media/redesign/img/opengraph-logo.png},
	Twitter:Site = {@NewOnMDN},
	Twitter:Title = {var},
	Twitter:Url = {https://developer.mozilla.org/en-US/docs/Web/JavaScript/Reference/Statements/var},
	Url = {https://developer.mozilla.org/en-US/docs/Web/JavaScript/Reference/Statements/var},
	Viewport = {width=device-width, initial-scale=1},
	Year = {2014},
	Bdsk-Url-1 = {https://developer.mozilla.org/en-US/docs/Web/JavaScript/Reference/Statements/var}}

@book{ecmascriptspecs,
	Added-At = {2012-10-14T23:50:22.000+0200},
	Author = {{ECMA International}},
	Biburl = {http://www.bibsonomy.org/bibtex/2a9b23a5e720836b2505b7aac7fdc4638/gron},
	Date-Added = {2014-05-20 11:19:56 +0000},
	Date-Modified = {2014-05-20 11:20:25 +0000},
	Edition = {5.1},
	Interhash = {b179dfe8f7ed6ef5ad2a2c4705d88de6},
	Intrahash = {a9b23a5e720836b2505b7aac7fdc4638},
	Keywords = {ECMA JavaScript Specification Standard},
	Month = {June},
	Timestamp = {2012-10-14T23:50:22.000+0200},
	Title = {Standard ECMA-262 - ECMAScript Language Specification},
	Url = {http://www.ecma-international.org/publications/standards/Ecma-262.htm},
	Year = 2011,
	Bdsk-Url-1 = {http://www.ecma-international.org/publications/standards/Ecma-262.htm}}

@book{Crockford:2008:JGP,
	Author = {Douglas Crockford},
	Bibsource = {DBLP, http://dblp.uni-trier.de},
	Date-Added = {2014-05-14 08:43:10 +0000},
	Date-Modified = {2014-05-14 08:44:03 +0000},
	Ee = {http://www.oreilly.com/catalog/9780596517748/index.html\#top},
	Isbn = {978-0-596-51774-8},
	Pages = {I-XIII, 1-153},
	Publisher = {O'Reilly},
	Title = {JavaScript: The Good Parts. Unearthing the Excellence in JavaScript},
	Year = {2008}}

@book{flanagan2011javascript,
	Author = {Flanagan, D.},
	Date-Added = {2014-05-14 07:51:25 +0000},
	Date-Modified = {2014-05-14 07:51:33 +0000},
	Edition = {6th},
	Isbn = {9780596805524},
	Lccn = {2011377767},
	Publisher = {O'Reilly Media, Incorporated},
	Series = {Definitive Guide Series},
	Title = {JavaScript: The Definitive Guide},
	Url = {http://books.google.nl/books?id=4RChxt67lvwC},
	Year = {2011},
	Bdsk-Url-1 = {http://books.google.nl/books?id=4RChxt67lvwC}}

@inproceedings{Feldthaus:2013,
	Acmid = {2486887},
	Address = {Piscataway, NJ, USA},
	Author = {Feldthaus, Asger and Sch\"{a}fer, Max and Sridharan, Manu and Dolby, Julian and Tip, Frank},
	Booktitle = {Proceedings of the 2013 International Conference on Software Engineering},
	Date-Added = {2014-05-13 13:27:22 +0000},
	Date-Modified = {2014-05-13 13:27:49 +0000},
	Isbn = {978-1-4673-3076-3},
	Location = {San Francisco, CA, USA},
	Numpages = {10},
	Pages = {752--761},
	Publisher = {IEEE Press},
	Series = {ICSE '13},
	Title = {Efficient Construction of Approximate Call Graphs for JavaScript IDE Services},
	Url = {http://dl.acm.org/citation.cfm?id=2486788.2486887},
	Year = {2013},
	Bdsk-Url-1 = {http://dl.acm.org/citation.cfm?id=2486788.2486887}}

@article{Marlowe:1990aa,
	Author = {Marlowe, T.J. and Ryder, B.G.},
	Date-Added = {2014-05-13 13:18:26 +0000},
	Date-Modified = {2014-05-13 13:18:34 +0000},
	Doi = {10.1007/BF01237234},
	Issn = {0001-5903},
	Journal = {Acta Informatica},
	Language = {English},
	Number = {2},
	Pages = {121-163},
	Publisher = {Springer-Verlag},
	Title = {Properties of data flow frameworks},
	Url = {http://dx.doi.org/10.1007/BF01237234},
	Volume = {28},
	Year = {1990},
	Bdsk-Url-1 = {http://dx.doi.org/10.1007/BF01237234}}
